<record><leader>00000cas a2200000 a 4500</leader><controlfield tag="001">2935901</controlfield><controlfield tag="008">770503d18691903ohuwr ne      0   a0eng d</controlfield><datafield ind1=" " ind2=" " tag="010"><subfield code="a">sn 85038238 </subfield></datafield><datafield ind1=" " ind2=" " tag="040"><subfield code="a">KSU</subfield><subfield code="b">eng</subfield><subfield code="c">KSU</subfield><subfield code="d">NPY</subfield><subfield code="d">DLC</subfield><subfield code="d">NPU</subfield><subfield code="d">ONP</subfield><subfield code="d">NVF</subfield><subfield code="d">MGN</subfield><subfield code="d">OCL</subfield><subfield code="d">OCLCQ</subfield><subfield code="d">OCLCF</subfield><subfield code="d">OCLCO</subfield><subfield code="d">DLC</subfield></datafield><datafield ind1="0" ind2=" " tag="022"><subfield code="a">2379-3082</subfield><subfield code="2">1</subfield></datafield><datafield ind1=" " ind2=" " tag="042"><subfield code="a">msc</subfield><subfield code="a">nsdp</subfield></datafield><datafield ind1=" " ind2=" " tag="043"><subfield code="a">n-us-oh</subfield></datafield><datafield ind1="0" ind2="0" tag="050"><subfield code="a">Newspaper</subfield></datafield><datafield ind1="0" ind2="0" tag="082"><subfield code="a">071</subfield><subfield code="2">23</subfield></datafield><datafield ind1=" " ind2="0" tag="222"><subfield code="a">Wyandot County Republican</subfield><subfield code="b">(Print)</subfield></datafield><datafield ind1="0" ind2="0" tag="245"><subfield code="a">Wyandot County Republican.</subfield></datafield><datafield ind1=" " ind2=" " tag="260"><subfield code="a">Upper Sandusky, Ohio :</subfield><subfield code="b">P. Cuneo,</subfield><subfield code="c">1869-1903.</subfield></datafield><datafield ind1=" " ind2=" " tag="300"><subfield code="a">35 v. :</subfield><subfield code="b">ill. (chiefly advertisements) ;</subfield><subfield code="c">63-71 cm.</subfield></datafield><datafield ind1=" " ind2=" " tag="310"><subfield code="a">Weekly</subfield></datafield><datafield ind1="0" ind2=" " tag="362"><subfield code="a">Vol. 24, no. 8 (Jan. 7, 1869)-v. 58, no. 19 (Apr. 24, 1903).</subfield></datafield><datafield ind1=" " ind2=" " tag="500"><subfield code="a">Published on Thursday.</subfield></datafield><datafield ind1=" " ind2=" " tag="500"><subfield code="a">Republican. Cf. Gutgesell, S. Guide to Ohio newspapers, 1974.</subfield></datafield><datafield ind1=" " ind2=" " tag="500"><subfield code="a">Editor: Pietro Cuneo.</subfield></datafield><datafield ind1=" " ind2=" " tag="530"><subfield code="a">Archived issues are available in digital format from the Library of Congress Chronicling America online collection.</subfield></datafield><datafield ind1=" " ind2="0" tag="651"><subfield code="a">Wyandot County (Ohio)</subfield><subfield code="v">Newspapers.</subfield></datafield><datafield ind1=" " ind2="7" tag="651"><subfield code="a">Ohio</subfield><subfield code="z">Wyandot County.</subfield><subfield code="2">fast</subfield><subfield code="0">(OCoLC)fst01221479</subfield></datafield><datafield ind1=" " ind2="7" tag="655"><subfield code="a">Newspapers.</subfield><subfield code="2">fast</subfield><subfield code="0">(OCoLC)fst01423814</subfield></datafield><datafield ind1="1" ind2=" " tag="700"><subfield code="a">Cuneo, Pietro.</subfield></datafield><datafield ind1=" " ind2=" " tag="752"><subfield code="a">United States</subfield><subfield code="b">Ohio</subfield><subfield code="c">Wyandot</subfield><subfield code="d">Upper Sandusky.</subfield></datafield><datafield ind1="0" ind2="8" tag="776"><subfield code="i">Online version:</subfield><subfield code="t">Wyandot County Republican</subfield><subfield code="x">2379-3090</subfield><subfield code="w">(DLC)  2015218771</subfield><subfield code="w">(OCoLC)909550443</subfield></datafield><datafield ind1="0" ind2="0" tag="780"><subfield code="t">Wyandot pioneer</subfield><subfield code="x">2379-3139</subfield><subfield code="w">(DLC)sn 87076863</subfield><subfield code="w">(OCoLC)16994024</subfield></datafield><datafield ind1="0" ind2="7" tag="785"><subfield code="t">Daily union (Upper Sandusky, Ohio : 1890)</subfield><subfield code="w">(DLC)sn 90068021</subfield><subfield code="w">(OCoLC)21128014</subfield></datafield><datafield ind1="0" ind2="7" tag="785"><subfield code="t">Wyandot Union-Republican (Upper Sandusky, Ohio : 1903)</subfield><subfield code="w">(DLC)sn 87076864</subfield><subfield code="w">(OCoLC)16994028</subfield></datafield><datafield ind1="4" ind2="1" tag="856"><subfield code="u">http://www.loc.gov/chroniclingamerica/lccn/sn85038238/issues</subfield></datafield><datafield ind1="1" ind2=" " tag="029"><subfield code="a">AU@</subfield><subfield code="b">000020379466</subfield></datafield></record>